
<record>
  <leader>01399cam a2200349 i 4500</leader>
  <controlfield tag="001">bcotR000003</controlfield>
  <controlfield tag="005">20131105115702.0</controlfield>
  <controlfield tag="006">m     o  d        </controlfield>
  <controlfield tag="007">cr cn ---uuuuu</controlfield>
  <controlfield tag="008">131104s2013    xx      o     000 0 eng d</controlfield>
  <datafield tag="035" ind1=" " ind2=" ">
    <subfield code="a">(Sirsi) sarah0026555</subfield>
  </datafield>
  <datafield tag="035" ind1=" " ind2=" ">
    <subfield code="a">(OCoLC)884029026</subfield>
  </datafield>
  <datafield tag="037" ind1=" " ind2=" ">
    <subfield code="b">BCOpenCampus</subfield>
    <subfield code="c">CostFree</subfield>
    <subfield code="f">FormOnline</subfield>
    <subfield code="g">AccessOpen</subfield>
  </datafield>
  <datafield tag="040" ind1=" " ind2=" ">
    <subfield code="a">BNM</subfield>
    <subfield code="b">eng</subfield>
    <subfield code="d">CaBSKC</subfield>
    <subfield code="e">rda</subfield>
  </datafield>
  <datafield tag="050" ind1=" " ind2="4">
    <subfield code="a">T385</subfield>
    <subfield code="b">A1 2013</subfield>
  </datafield>
  <datafield tag="110" ind1="2" ind2=" ">
    <subfield code="a">ABT Collaborative.</subfield>
  </datafield>
  <datafield tag="245" ind1="1" ind2="0">
    <subfield code="a">Presentation software :</subfield>
    <subfield code="b">introduction to PowerPoint /</subfield>
    <subfield code="c">ABT Collaborative.</subfield>
  </datafield>
  <datafield tag="264" ind1=" " ind2="1">
    <subfield code="a">[Victoria] :</subfield>
    <subfield code="b">BCcampus, BC Open Textbook Project,</subfield>
    <subfield code="c">2013.</subfield>
  </datafield>
  <datafield tag="300" ind1=" " ind2=" ">
    <subfield code="a">1 online resource (99 pages)</subfield>
  </datafield>
  <datafield tag="336" ind1=" " ind2=" ">
    <subfield code="a">text</subfield>
    <subfield code="b">txt</subfield>
    <subfield code="2">rdacontent</subfield>
  </datafield>
  <datafield tag="337" ind1=" " ind2=" ">
    <subfield code="a">computer</subfield>
    <subfield code="b">c</subfield>
    <subfield code="2">rdamedia</subfield>
  </datafield>
  <datafield tag="338" ind1=" " ind2=" ">
    <subfield code="a">online resource</subfield>
    <subfield code="b">cr</subfield>
    <subfield code="2">rdacarrier</subfield>
  </datafield>
  <datafield tag="347" ind1=" " ind2=" ">
    <subfield code="a">text file</subfield>
    <subfield code="2">rda</subfield>
  </datafield>
  <datafield tag="520" ind1=" " ind2=" ">
    <subfield code="a">&quot;An introduction to creating electronic presentations using Microsoft PowerPoint 2010.&quot;--BCcampus website.</subfield>
  </datafield>
  <datafield tag="588" ind1=" " ind2=" ">
    <subfield code="a">Description based on version viewed on BCcampus OpenEd website; title from pdf title page.</subfield>
  </datafield>
  <datafield tag="630" ind1="0" ind2="0">
    <subfield code="a">Microsoft PowerPoint (Computer file)</subfield>
  </datafield>
  <datafield tag="650" ind1=" " ind2="0">
    <subfield code="a">Computer graphics</subfield>
    <subfield code="x">Computer programs.</subfield>
    <subfield code="v">Textbooks.</subfield>
  </datafield>
  <datafield tag="650" ind1=" " ind2="0">
    <subfield code="a">Presentation graphics software</subfield>
    <subfield code="v">Textbooks.</subfield>
  </datafield>
  <datafield tag="655" ind1=" " ind2="7">
    <subfield code="a">Electronic books.</subfield>
  </datafield>
  <datafield tag="710" ind1="2" ind2=" ">
    <subfield code="a">BC Open Textbook Project,</subfield>
    <subfield code="e">issuing body.</subfield>
  </datafield>
  <datafield tag="710" ind1="2" ind2=" ">
    <subfield code="a">BCcampus.</subfield>
  </datafield>
  <datafield tag="856" ind1="4" ind2="0">
    <subfield code="3">BC Open Textbook Project.</subfield>
    <subfield code="u">https://opentextbc.ca/learningpowerpoint/</subfield>
  </datafield>
</record>