
<record>
  <leader>01394cam a2200301 i 4500</leader>
  <controlfield tag="001">bcotR000025</controlfield>
  <controlfield tag="006">m     o  d        </controlfield>
  <controlfield tag="007">cr cn ---uuuuu</controlfield>
  <controlfield tag="008">160108s2014    bcc     o     000 0 eng d</controlfield>
  <datafield tag="037" ind1=" " ind2=" ">
    <subfield code="b">BCOpenCampus</subfield>
    <subfield code="c">CostFree</subfield>
    <subfield code="f">FormOnline</subfield>
    <subfield code="g">AccessOpen</subfield>
  </datafield>
  <datafield tag="040" ind1=" " ind2=" ">
    <subfield code="a">CaBSKC</subfield>
    <subfield code="b">eng</subfield>
    <subfield code="d">CaBSKC</subfield>
    <subfield code="e">rda</subfield>
  </datafield>
  <datafield tag="050" ind1=" " ind2="4">
    <subfield code="a">HD69.P75</subfield>
    <subfield code="b">W38 2014</subfield>
  </datafield>
  <datafield tag="100" ind1="1" ind2=" ">
    <subfield code="a">Watt, Adrienne,</subfield>
    <subfield code="e">author.</subfield>
  </datafield>
  <datafield tag="245" ind1="1" ind2="0">
    <subfield code="a">Project management /</subfield>
    <subfield code="c">Adrienne Watt.</subfield>
  </datafield>
  <datafield tag="264" ind1=" " ind2="1">
    <subfield code="a">[Victoria] :</subfield>
    <subfield code="b">BCcampus, BC Open Textbook Project,</subfield>
    <subfield code="c">[2014]</subfield>
  </datafield>
  <datafield tag="300" ind1=" " ind2=" ">
    <subfield code="a">1 online resource (174 pages)</subfield>
  </datafield>
  <datafield tag="336" ind1=" " ind2=" ">
    <subfield code="a">text</subfield>
    <subfield code="b">txt</subfield>
    <subfield code="2">rdacontent</subfield>
  </datafield>
  <datafield tag="337" ind1=" " ind2=" ">
    <subfield code="a">computer</subfield>
    <subfield code="b">c</subfield>
    <subfield code="2">rdamedia</subfield>
  </datafield>
  <datafield tag="338" ind1=" " ind2=" ">
    <subfield code="a">online resource</subfield>
    <subfield code="b">cr</subfield>
    <subfield code="2">rdacarrier</subfield>
  </datafield>
  <datafield tag="347" ind1=" " ind2=" ">
    <subfield code="a">text file</subfield>
    <subfield code="2">rda</subfield>
  </datafield>
  <datafield tag="520" ind1=" " ind2=" ">
    <subfield code="a">&quot;This book covers the basics of project management. This includes the process of initiation, planning, execution, control and close out that all projects share.&quot;--BCcampus website.</subfield>
  </datafield>
  <datafield tag="588" ind1=" " ind2=" ">
    <subfield code="a">Description based on version viewed on BCcampus OpenEd website; title from pdf title page (viewed on January 8, 2016).</subfield>
  </datafield>
  <datafield tag="650" ind1=" " ind2="0">
    <subfield code="a">Project management</subfield>
    <subfield code="v">Textbooks.</subfield>
  </datafield>
  <datafield tag="655" ind1=" " ind2="7">
    <subfield code="a">Electronic books.</subfield>
  </datafield>
  <datafield tag="710" ind1="2" ind2=" ">
    <subfield code="a">BC Open Textbook Project,</subfield>
    <subfield code="e">issuing body.</subfield>
  </datafield>
  <datafield tag="710" ind1="2" ind2=" ">
    <subfield code="a">BCcampus.</subfield>
  </datafield>
  <datafield tag="856" ind1="4" ind2="0">
    <subfield code="3">BC Open Textbook Project.</subfield>
    <subfield code="u">https://open.bccampus.ca/find-open-textbooks/?uuid=8678fbae-6724-454c-a796-3c6667d826be </subfield>
  </datafield>
  <datafield tag="856" ind1="4" ind2="0">
    <subfield code="3">BC Open Textbook Project HTML version.</subfield>
    <subfield code="u">https://opentextbc.ca/projectmanagement/</subfield>
  </datafield>
</record>