
<record>
  <leader>03015cam a2200361 i 4500</leader>
  <controlfield tag="001">bcotR000069</controlfield>
  <controlfield tag="005">20141027114304.0</controlfield>
  <controlfield tag="006">m     o  d        </controlfield>
  <controlfield tag="007">cr cn ---uuuuu</controlfield>
  <controlfield tag="008">141024s2014    xx      o     000 0 eng d</controlfield>
  <datafield tag="037" ind1=" " ind2=" ">
    <subfield code="b">BCOpenCampus</subfield>
    <subfield code="c">CostFree</subfield>
    <subfield code="f">FormOnline</subfield>
    <subfield code="g">AccessOpen</subfield>
  </datafield>
  <datafield tag="040" ind1=" " ind2=" ">
    <subfield code="a">BNM</subfield>
    <subfield code="b">eng</subfield>
    <subfield code="d">CaBSKC</subfield>
    <subfield code="e">rda</subfield>
  </datafield>
  <datafield tag="050" ind1=" " ind2="4">
    <subfield code="a">HD30.28</subfield>
    <subfield code="b">E39 2014</subfield>
  </datafield>
  <datafield tag="100" ind1="1" ind2=" ">
    <subfield code="a">Ketchen, Dave,</subfield>
    <subfield code="e">author.</subfield>
  </datafield>
  <datafield tag="245" ind1="1" ind2="0">
    <subfield code="a">Mastering strategic management :</subfield>
    <subfield code="b">evaluation and execution /</subfield>
    <subfield code="c">J Dave Ketchen, Jeremy Short, David Try.</subfield>
  </datafield>
  <datafield tag="250" ind1=" " ind2=" ">
    <subfield code="a">1st Canadian edition /</subfield>
    <subfield code="b">Janice Edwards.</subfield>
  </datafield>
  <datafield tag="264" ind1=" " ind2="1">
    <subfield code="a">[Victoria] :</subfield>
    <subfield code="b">BCcampus, BC Open Textbook Project,</subfield>
    <subfield code="c">2014.</subfield>
  </datafield>
  <datafield tag="300" ind1=" " ind2=" ">
    <subfield code="a">1 online resource (361 pages)</subfield>
  </datafield>
  <datafield tag="336" ind1=" " ind2=" ">
    <subfield code="a">text</subfield>
    <subfield code="b">txt</subfield>
    <subfield code="2">rdacontent</subfield>
  </datafield>
  <datafield tag="337" ind1=" " ind2=" ">
    <subfield code="a">computer</subfield>
    <subfield code="b">c</subfield>
    <subfield code="2">rdamedia</subfield>
  </datafield>
  <datafield tag="338" ind1=" " ind2=" ">
    <subfield code="a">online resource</subfield>
    <subfield code="b">cr</subfield>
    <subfield code="2">rdacarrier</subfield>
  </datafield>
  <datafield tag="347" ind1=" " ind2=" ">
    <subfield code="a">text file</subfield>
    <subfield code="2">rda</subfield>
  </datafield>
  <datafield tag="520" ind1=" " ind2=" ">
    <subfield code="a">&quot;Mastering Strategic Management is designed to enhance student engagement in three innovative ways. The first is through visual adaptations of the key content in the book. It is well documented that many of today&apos;s students are visual learners. To meet students&apos; wants and needs (and thereby create a much better teaching experience for professors), Mastering Strategic Management contains multiple graphic concept pages in ever section of every chapter of the book. Think of graphic concept pages as almost like info-graphics for key concepts in each section. This feature sets Mastering Strategic Management apart from any strategic management book on the market today. The second way the authors capture student interest through their textbook is by using a real-world company as the running example in each chapter. For example, Chapter 1 in Mastering Strategic Management utilizes Blackberry to harness the conceptual coverage of the chapter in a running, corporate, application to which students will relate. The third inventive way Mastering Strategic Management holds the attention of strategic management students is through the “strategy at the movies” feature in each chapter that links course concepts with a popular motion picture. The 1st Canadian Edition is an adaptation of Mastering Strategic Managment. Adaptations include Canadian specific content, images, and references, removal of copyright images, and inclusion of ancillary reosurces in the Appendix (Chapter PowerPoints).&quot;--BCcampus website.</subfield>
  </datafield>
  <datafield tag="588" ind1=" " ind2=" ">
    <subfield code="a">Description based on version viewed on BCcampus OpenEd website; title from pdf title page.</subfield>
  </datafield>
  <datafield tag="650" ind1=" " ind2="0">
    <subfield code="a">Strategic planning</subfield>
    <subfield code="v">Textbooks.</subfield>
  </datafield>
  <datafield tag="655" ind1=" " ind2="7">
    <subfield code="a">Electronic books.</subfield>
  </datafield>
  <datafield tag="700" ind1="1" ind2=" ">
    <subfield code="a">Edwards, Janice,</subfield>
    <subfield code="e">author</subfield>
  </datafield>
  <datafield tag="700" ind1="1" ind2=" ">
    <subfield code="a">Short, Jeremy,</subfield>
    <subfield code="e">author</subfield>
  </datafield>
  <datafield tag="700" ind1="1" ind2=" ">
    <subfield code="a">Try, David,</subfield>
    <subfield code="e">author</subfield>
  </datafield>
  <datafield tag="710" ind1="2" ind2=" ">
    <subfield code="a">BC Open Textbook Project,</subfield>
    <subfield code="e">issuing body.</subfield>
  </datafield>
  <datafield tag="710" ind1="2" ind2=" ">
    <subfield code="a">BCcampus,</subfield>
    <subfield code="e">issuing body.</subfield>
  </datafield>
  <datafield tag="856" ind1="4" ind2="0">
    <subfield code="3">BC Open Textbook Project.</subfield>
    <subfield code="u">https://open.bccampus.ca/find-open-textbooks/?uuid=91cdcf18-273d-44cc-8432-865d09005fda </subfield>
  </datafield>
  <datafield tag="856" ind1="4" ind2="0">
    <subfield code="3">BC Open Textbook Project, HTML version.</subfield>
    <subfield code="u">https://opentextbc.ca/strategicmanagement/back-matter/about-the-authors/</subfield>
  </datafield>
</record>