
<record>
  <leader>02452cam a2200349 i 4500</leader>
  <controlfield tag="001">bcotR000101</controlfield>
  <controlfield tag="006">m     o  d        </controlfield>
  <controlfield tag="007">cr cn ---uuuuu</controlfield>
  <controlfield tag="008">151130s2015    bcc     o     000 0 eng d</controlfield>
  <datafield tag="035" ind1=" " ind2=" ">
    <subfield code="a">bcviu001947</subfield>
  </datafield>
  <datafield tag="037" ind1=" " ind2=" ">
    <subfield code="b">BCOpenCampus</subfield>
    <subfield code="c">CostFree</subfield>
    <subfield code="f">FormOnline</subfield>
    <subfield code="g">AccessOpen</subfield>
  </datafield>
  <datafield tag="040" ind1=" " ind2=" ">
    <subfield code="a">BNM</subfield>
    <subfield code="b">eng</subfield>
    <subfield code="d">CaBSKC</subfield>
    <subfield code="e">rda</subfield>
  </datafield>
  <datafield tag="050" ind1=" " ind2="4">
    <subfield code="a">NC997.A5</subfield>
    <subfield code="b">G73 2015</subfield>
  </datafield>
  <datafield tag="100" ind1="1" ind2=" ">
    <subfield code="a">Graphic Communications Open Textbook Collective,</subfield>
    <subfield code="e">issuing body</subfield>
  </datafield>
  <datafield tag="245" ind1="1" ind2="0">
    <subfield code="a">Graphic design and print production fundamentals /</subfield>
    <subfield code="c">Graphic Communications Open Textbook Collective.</subfield>
  </datafield>
  <datafield tag="264" ind1=" " ind2="1">
    <subfield code="a">[Victoria] :</subfield>
    <subfield code="b">BCcampus, BC Open Textbook Project,</subfield>
    <subfield code="c">2015.</subfield>
  </datafield>
  <datafield tag="264" ind1=" " ind2="4">
    <subfield code="c">©2015</subfield>
  </datafield>
  <datafield tag="300" ind1=" " ind2=" ">
    <subfield code="a">1 online resource (188 pages)</subfield>
  </datafield>
  <datafield tag="336" ind1=" " ind2=" ">
    <subfield code="a">text</subfield>
    <subfield code="b">txt</subfield>
    <subfield code="2">rdacontent</subfield>
  </datafield>
  <datafield tag="337" ind1=" " ind2=" ">
    <subfield code="a">computer</subfield>
    <subfield code="b">c</subfield>
    <subfield code="2">rdamedia </subfield>
  </datafield>
  <datafield tag="338" ind1=" " ind2=" ">
    <subfield code="a">online resource</subfield>
    <subfield code="b">cr</subfield>
    <subfield code="2">rdacarrier</subfield>
  </datafield>
  <datafield tag="347" ind1=" " ind2=" ">
    <subfield code="a">text file</subfield>
    <subfield code="2">rda</subfield>
  </datafield>
  <datafield tag="500" ind1=" " ind2=" ">
    <subfield code="a">The Graphic Communications Open Textbook Collective comprises the following authors: Wayne Collins, Alex Hass, Ken Jeffery, Alan Martin, Roberto Medeiros, Steve Tomljanovic.</subfield>
  </datafield>
  <datafield tag="520" ind1=" " ind2=" ">
    <subfield code="a">&quot;This textbook -- written by a group of select experts with a focus on different aspects of the design process, from creation to production -- addresses the many steps of creating and then producing physical, printed, or other imaged products that people interact with on a daily basis. It covers the concept that, while most modern graphic design is created on computers using design software, the ideas and concepts don&apos;t stay on the computer. The ideas need to be completed in the computer software, then progress to an imaging (traditionally referred to as printing) process. Keywords are highlighted throughout and summarized in a Glossary at the end of the book, and each chapter includes exercises and suggested readings.&quot;.&quot;--BCcampus website.</subfield>
  </datafield>
  <datafield tag="588" ind1=" " ind2=" ">
    <subfield code="a">Description based on version viewed on BCcampus OpenEd website; title from pdf title page.</subfield>
  </datafield>
  <datafield tag="650" ind1=" " ind2="0">
    <subfield code="a">Graphic arts</subfield>
    <subfield code="v">Textbooks.</subfield>
  </datafield>
  <datafield tag="655" ind1=" " ind2="7">
    <subfield code="a">Electronic books.</subfield>
  </datafield>
  <datafield tag="710" ind1="2" ind2=" ">
    <subfield code="a">BC Open Textbook Project,</subfield>
    <subfield code="e">issuing body.</subfield>
  </datafield>
  <datafield tag="710" ind1="2" ind2=" ">
    <subfield code="a">BCcampus.</subfield>
  </datafield>
  <datafield tag="856" ind1="4" ind2="0">
    <subfield code="3">BC Open Textbook Project.</subfield>
    <subfield code="u">https://open.bccampus.ca/find-open-textbooks/?uuid=45f9a8a1-5901-4b32-87ae-b4f5c2aa99ef</subfield>
  </datafield>
  <datafield tag="856" ind1="4" ind2="0">
    <subfield code="3">BC Open Textbook Project HTML version.</subfield>
    <subfield code="u">https://opentextbc.ca/graphicdesign/</subfield>
  </datafield>
  <datafield tag="856" ind1="4" ind2="0">
    <subfield code="3">BC Open Textbook Project PDF version.</subfield>
    <subfield code="u">http://solr.bccampus.ca:8001/bcc/items/45f9a8a1-5901-4b32-87ae-b4f5c2aa99ef/1/?attachment.uuid=22a98d47-c806-4934-b55a-15f098654a02</subfield>
  </datafield>
</record>