
<record>
  <leader>02522cam a2200301 i 4500</leader>
  <controlfield tag="001">bcotR000122</controlfield>
  <controlfield tag="005">20150917123358.0</controlfield>
  <controlfield tag="006">m        u        </controlfield>
  <controlfield tag="007">cr cn ---uuuuu</controlfield>
  <controlfield tag="008">150916s2014    bcc     o     000 0 eng d</controlfield>
  <datafield tag="037" ind1=" " ind2=" ">
    <subfield code="b">BCOpenCampus</subfield>
    <subfield code="c">CostFree</subfield>
    <subfield code="f">FormOnline</subfield>
    <subfield code="g">AccessOpen</subfield>
  </datafield>
  <datafield tag="040" ind1=" " ind2=" ">
    <subfield code="a">BNM</subfield>
    <subfield code="b">eng</subfield>
    <subfield code="e">rda</subfield>
    <subfield code="c">CaBNM</subfield>
    <subfield code="d">CaBSKC</subfield>
  </datafield>
  <datafield tag="050" ind1=" " ind2="4">
    <subfield code="a">TS1960</subfield>
    <subfield code="b">B75 2015</subfield>
  </datafield>
  <datafield tag="245" ind1="0" ind2="0">
    <subfield code="a">Meat cutting and processing for food service /</subfield>
    <subfield code="c">developed collaboratively on behalf of the BC Provincial Cook Articulation Committee and go2HR; developing, editing and reviewing by Wendy Anderson, Selkirk College [and 29 others].</subfield>
  </datafield>
  <datafield tag="264" ind1=" " ind2="1">
    <subfield code="a">[Victoria] :</subfield>
    <subfield code="b">BCcampus, BC Open Textbook Project,</subfield>
    <subfield code="c">2015</subfield>
  </datafield>
  <datafield tag="300" ind1=" " ind2=" ">
    <subfield code="a">1 online resource (89 pages)</subfield>
  </datafield>
  <datafield tag="336" ind1=" " ind2=" ">
    <subfield code="a">text</subfield>
    <subfield code="b">txt</subfield>
    <subfield code="2">rdacontent</subfield>
  </datafield>
  <datafield tag="337" ind1=" " ind2=" ">
    <subfield code="a">computer</subfield>
    <subfield code="b">c</subfield>
    <subfield code="2">rdamedia</subfield>
  </datafield>
  <datafield tag="338" ind1=" " ind2=" ">
    <subfield code="a">online resource</subfield>
    <subfield code="b">cr</subfield>
    <subfield code="2">rdacarrier</subfield>
  </datafield>
  <datafield tag="520" ind1=" " ind2=" ">
    <subfield code="a">&quot;This book is intended to give students a basic understanding of the various types of meat and poultry used in the food service industry, and of how the terminology used by retail, wholesale, and food service customers varies. Meat cutting for restaurants and hotels differs slightly from meat cutting for retail. Restaurants and hotels sometimes use names of cuts on menus that are common in the kitchen vernacular or in other jurisdictions like Europe or the United States, while retail meat cutters are bound by Canadian regulations regarding labelling and marketing of meat products to consumers for retail. Meat Cutting and Processing for Food Service is one of a series of Culinary Arts books developed to support the training of students and apprentices in British Columbia&apos;s food service and hospitality industry. Although created with the Professional Cook and Baker programs in mind, these have been designed as a modular series, and therefore can be used to support a wide variety of programs that offer training in food service skills.&quot;--BC Campus website.</subfield>
  </datafield>
  <datafield tag="588" ind1=" " ind2=" ">
    <subfield code="a">Description based on online resource; title from pdf title page (viewed on January 7, 2016).</subfield>
  </datafield>
  <datafield tag="650" ind1=" " ind2="0">
    <subfield code="a">Meat cutting</subfield>
    <subfield code="v">Textbooks.</subfield>
  </datafield>
  <datafield tag="655" ind1=" " ind2="0">
    <subfield code="a">Electronic books.</subfield>
  </datafield>
  <datafield tag="710" ind1="2" ind2=" ">
    <subfield code="a">British Columbia Cook Articulation Committee,</subfield>
    <subfield code="e">issuing body</subfield>
  </datafield>
  <datafield tag="710" ind1="2" ind2=" ">
    <subfield code="a">BC Open Textbook Project,</subfield>
    <subfield code="e">distributor</subfield>
  </datafield>
  <datafield tag="710" ind1="2" ind2=" ">
    <subfield code="a">BCcampus.</subfield>
  </datafield>
  <datafield tag="856" ind1="4" ind2="0">
    <subfield code="3">BC Open Textbook Project HTML version.</subfield>
    <subfield code="u">https://opentextbc.ca/meatcutting/</subfield>
  </datafield>
  <datafield tag="856" ind1="4" ind2="0">
    <subfield code="3">BC Open Textbook Project PDF version.</subfield>
    <subfield code="u">http://solr.bccampus.ca:8001/bcc/items/8762ccf0-5053-43e9-a256-433b2bdcc4bd/1/?attachment.uuid=64cd64b1-5034-4baf-babd-f9f5843059cc</subfield>
  </datafield>
</record>