
<record>
  <leader>02192cam a2200373 i 4500</leader>
  <controlfield tag="001">bcotR000128</controlfield>
  <controlfield tag="006">m        u        </controlfield>
  <controlfield tag="007">cr cn ---uuuuu</controlfield>
  <controlfield tag="008">160107s2015    bcc     o     000 0 eng d</controlfield>
  <datafield tag="037" ind1=" " ind2=" ">
    <subfield code="b">BCOpenCampus</subfield>
    <subfield code="c">CostFree</subfield>
    <subfield code="f">FormOnline</subfield>
    <subfield code="g">AccessOpen</subfield>
  </datafield>
  <datafield tag="040" ind1=" " ind2=" ">
    <subfield code="a">BNM</subfield>
    <subfield code="b">eng</subfield>
    <subfield code="e">rda</subfield>
    <subfield code="c">CaBNM</subfield>
    <subfield code="d">CaBSKC</subfield>
  </datafield>
  <datafield tag="050" ind1=" " ind2="4">
    <subfield code="a">TH165</subfield>
    <subfield code="b">L58 2015</subfield>
  </datafield>
  <datafield tag="100" ind1="1" ind2=" ">
    <subfield code="a">Lidstone, Rod,</subfield>
    <subfield code="e">author</subfield>
  </datafield>
  <datafield tag="245" ind1="1" ind2="0">
    <subfield code="a">Trades access common core.</subfield>
    <subfield code="n">Line D.</subfield>
    <subfield code="p">Organizational skills;</subfield>
    <subfield code="n">Competency D-5,</subfield>
    <subfield code="p">Use Manufacturer and Supplier Documentation /</subfield>
    <subfield code="c">Rod Lidstone, lead writer.</subfield>
  </datafield>
  <datafield tag="246" ind1="3" ind2=" ">
    <subfield code="a">Organizational skills</subfield>
  </datafield>
  <datafield tag="246" ind1="3" ind2=" ">
    <subfield code="a">Use Manufacturer and Supplier Documentation</subfield>
  </datafield>
  <datafield tag="250" ind1=" " ind2=" ">
    <subfield code="a">October 2015, Version 1.</subfield>
  </datafield>
  <datafield tag="264" ind1=" " ind2="1">
    <subfield code="a">[Victoria, B.C.] :</subfield>
    <subfield code="b">Ministry of Technology, Innovation and Citizens’ Services,</subfield>
    <subfield code="c">2015.</subfield>
  </datafield>
  <datafield tag="264" ind1=" " ind2="2">
    <subfield code="a">[Victoria, B.C.] :</subfield>
    <subfield code="b">BCcampus, BC Open Textbook Project</subfield>
  </datafield>
  <datafield tag="300" ind1=" " ind2=" ">
    <subfield code="a">1 online resource (45 pages)</subfield>
  </datafield>
  <datafield tag="336" ind1=" " ind2=" ">
    <subfield code="a">text</subfield>
    <subfield code="b">txt</subfield>
    <subfield code="2">rdacontent</subfield>
  </datafield>
  <datafield tag="337" ind1=" " ind2=" ">
    <subfield code="a">computer</subfield>
    <subfield code="b">c</subfield>
    <subfield code="2">rdamedia</subfield>
  </datafield>
  <datafield tag="338" ind1=" " ind2=" ">
    <subfield code="a">online resource</subfield>
    <subfield code="b">cr</subfield>
    <subfield code="2">rdacarrier</subfield>
  </datafield>
  <datafield tag="500" ind1=" " ind2=" ">
    <subfield code="a">&quot;Copyright Camosun College&quot;--P. 2.</subfield>
  </datafield>
  <datafield tag="520" ind1=" " ind2=" ">
    <subfield code="a">&quot;Document use is one of the nine essential skills identified by the Government of Canada to be successful in the workplace. It refers to the skills needed to find, enter, and use letters, numbers, symbols, and images in electronic and paper form. In the trades, people use document literacy skills to find and enter information in forms, lists, tables, graphs, maps, and drawings&quot;--BC Campus website.</subfield>
  </datafield>
  <datafield tag="588" ind1=" " ind2=" ">
    <subfield code="a">Description based on online resource; title from pdf title page (viewed on January 7, 2016).</subfield>
  </datafield>
  <datafield tag="650" ind1=" " ind2="0">
    <subfield code="a">Standards, Engineering</subfield>
    <subfield code="v">Textbooks.</subfield>
  </datafield>
  <datafield tag="655" ind1=" " ind2="0">
    <subfield code="a">Electronic books.</subfield>
  </datafield>
  <datafield tag="710" ind1="2" ind2=" ">
    <subfield code="a">Camosun College.</subfield>
  </datafield>
  <datafield tag="710" ind1="1" ind2=" ">
    <subfield code="a">British Columbia.</subfield>
    <subfield code="b">Ministry of Technolgy, Innovation and Citizens&apos; Services,</subfield>
    <subfield code="e">issuing body</subfield>
  </datafield>
  <datafield tag="710" ind1="2" ind2=" ">
    <subfield code="a">BC Open Textbook Project,</subfield>
    <subfield code="e">distributor</subfield>
  </datafield>
  <datafield tag="710" ind1="2" ind2=" ">
    <subfield code="a">BCcampus.</subfield>
  </datafield>
  <datafield tag="856" ind1="4" ind2="0">
    <subfield code="3">BC Open Textbook Project.</subfield>
    <subfield code="u">https://open.bccampus.ca/find-open-textbooks/?uuid=649d75e2-d063-4fdd-b700-01709a12a5fc</subfield>
  </datafield>
  <datafield tag="856" ind1="4" ind2="0">
    <subfield code="3">BC Open Textbook Project PDF version.</subfield>
    <subfield code="u">http://solr.bccampus.ca:8001/bcc/items/649d75e2-d063-4fdd-b700-01709a12a5fc/1/?attachment.uuid=9c225001-f3d6-4ff5-9cd9-dfaf180dffec</subfield>
  </datafield>
</record>