
<record>
  <leader>03468nai a2200457Ii 4500</leader>
  <controlfield tag="001">bcotR000152</controlfield>
  <controlfield tag="005">20160602171718.0</controlfield>
  <controlfield tag="006">m     o  j        </controlfield>
  <controlfield tag="006">g|||        o   vl</controlfield>
  <controlfield tag="007">cr cn ---uuuuu</controlfield>
  <controlfield tag="008">160602c20119999txuuu w o     0    2eng d</controlfield>
  <datafield tag="040" ind1=" " ind2=" ">
    <subfield code="a">K6U</subfield>
    <subfield code="b">eng</subfield>
    <subfield code="e">rda</subfield>
    <subfield code="c">K6U</subfield>
  </datafield>
  <datafield tag="035" ind1=" " ind2=" ">
    <subfield code="a">(OCoLC)951067061</subfield>
  </datafield>
  <datafield tag="050" ind1=" " ind2="4">
    <subfield code="a">PC2073 </subfield>
    <subfield code="b"> F74 2011</subfield>
  </datafield>
  <datafield tag="130" ind1="0" ind2=" ">
    <subfield code="a">Français interactif (University of Texas at Austin. Department of French and Italian)</subfield>
  </datafield>
  <datafield tag="245" ind1="1" ind2="0">
    <subfield code="a">Français interactif.</subfield>
  </datafield>
  <datafield tag="250" ind1=" " ind2=" ">
    <subfield code="a">Third edition.</subfield>
  </datafield>
  <datafield tag="264" ind1=" " ind2="1">
    <subfield code="a">Austin, Texas :</subfield>
    <subfield code="b">Department of French and Italian, University of Texas at Austin,</subfield>
    <subfield code="c">[2011]-</subfield>
  </datafield>
  <datafield tag="264" ind1=" " ind2="2">
    <subfield code="a">[Victoria, B.C.] :</subfield>
    <subfield code="b">BCcampus, BC Open Textbook Project</subfield>
  </datafield>
  <datafield tag="300" ind1=" " ind2=" ">
    <subfield code="a">1 online resource</subfield>
  </datafield>
  <datafield tag="336" ind1=" " ind2=" ">
    <subfield code="a">text</subfield>
    <subfield code="2">rdacontent</subfield>
  </datafield>
  <datafield tag="336" ind1=" " ind2=" ">
    <subfield code="a">two-dimensional moving image</subfield>
    <subfield code="2">rdacontent</subfield>
  </datafield>
  <datafield tag="336" ind1=" " ind2=" ">
    <subfield code="a">spoken word</subfield>
    <subfield code="2">rdacontent</subfield>
  </datafield>
  <datafield tag="337" ind1=" " ind2=" ">
    <subfield code="a">computer</subfield>
    <subfield code="2">rdamedia</subfield>
  </datafield>
  <datafield tag="337" ind1=" " ind2=" ">
    <subfield code="a">video</subfield>
    <subfield code="2">rdamedia</subfield>
  </datafield>
  <datafield tag="337" ind1=" " ind2=" ">
    <subfield code="a">audio</subfield>
    <subfield code="2">rdamedia</subfield>
  </datafield>
  <datafield tag="338" ind1=" " ind2=" ">
    <subfield code="a">online resource</subfield>
    <subfield code="2">rdacarrier</subfield>
  </datafield>
  <datafield tag="500" ind1=" " ind2=" ">
    <subfield code="a">&quot;Français interactif, used increasingly by students,teachers, and institutions throughout the world, iincludes 320 videos, recorded vocabulary lists, phonetic lessons, online grammar lessons (600 pages) with self-correcting exercises and audio dialogues, online grammar tools (verb conjugation reference, verb practice), and diagnostic grammar tests. The accompanying textbook of classroom activities and homework is downloadable from the website in pdf format and available from the online publisher, qoop.com&quot;--Preface.</subfield>
  </datafield>
  <datafield tag="500" ind1=" " ind2=" ">
    <subfield code="a">&quot;Français interactif was developed at the University of Texas Austin in the Department of French and Italian. It has been funded and created by Liberal Arts Instructional Technology Services at the Univeristy of Texas, and is currently supported by U.S. Department of Education Fund for the Improvement of Post-Secondary Education (FIPSE Grant P116B070251) as an example of the open access initiative&quot;--Preface.</subfield>
  </datafield>
  <datafield tag="588" ind1=" " ind2=" ">
    <subfield code="a">Description based on textbook pdf; title from title screen (viewed June 2, 2016).</subfield>
  </datafield>
  <datafield tag="505" ind1="0" ind2=" ">
    <subfield code="a">0. Bienvenue! -- 1. Bonjour! -- 2. Me voici! -- 3. Les vacances en France -- 4. Les gens -- 5. Bon appetit! -- 6. La ville -- 7. Les fetes -- 8. La maison -- 9. Medias et communications -- 10. Mode, forme et sante -- 11. Les etudes -- 12. La vie professionnelle -- 13. L&apos;amour et l&apos;argent -- Carte du site.</subfield>
  </datafield>
  <datafield tag="520" ind1=" " ind2=" ">
    <subfield code="a">Welcome to Francais Interactif where readers can explore the French language and culture by following the lives of real students from the University of Texas who have participated in the UT Summer Program in Lyon, France. In addition to following the exploits of these UT students, visitors can also watch interviews of native French speakers, as well as scenes of day-to-day interactions in France.</subfield>
  </datafield>
  <datafield tag="521" ind1=" " ind2=" ">
    <subfield code="a">High School - Postsecondary.</subfield>
  </datafield>
  <datafield tag="650" ind1=" " ind2="0">
    <subfield code="a">French language</subfield>
    <subfield code="x">Study and teaching</subfield>
    <subfield code="x">English speakers.</subfield>
  </datafield>
  <datafield tag="650" ind1=" " ind2="7">
    <subfield code="a">French language</subfield>
    <subfield code="x">Study and teaching</subfield>
    <subfield code="x">English speakers.</subfield>
    <subfield code="2">fast</subfield>
    <subfield code="0">(OCoLC)fst00934593</subfield>
  </datafield>
  <datafield tag="710" ind1="2" ind2=" ">
    <subfield code="a">University of Texas at Austin.</subfield>
    <subfield code="b">Department of French and Italian,</subfield>
    <subfield code="e">issuing body.</subfield>
  </datafield>
  <datafield tag="710" ind1="2" ind2=" ">
    <subfield code="a">University of Texas at Austin. </subfield>
    <subfield code="b"> Liberal Arts ITS.</subfield>
  </datafield>
  <datafield tag="710" ind1="2" ind2=" ">
    <subfield code="a">BC Open Textbook Project,</subfield>
    <subfield code="e">distributor.</subfield>
  </datafield>
  <datafield tag="710" ind1="2" ind2=" ">
    <subfield code="a">BCcampus.</subfield>
  </datafield>
  <datafield tag="856" ind1="4" ind2="0">
    <subfield code="3">Univeristy of Texas at Austin, LAITS.</subfield>
    <subfield code="u">http://www.laits.utexas.edu/fi/</subfield>
  </datafield>
  <datafield tag="856" ind1="4" ind2="0">
    <subfield code="3">BC Open Textbook Project.</subfield>
    <subfield code="u">https://open.bccampus.ca/find-open-textbooks/?uuid=a8fc64d9-5037-4384-a6dd-6961f2de55e7</subfield>
  </datafield>
</record>