
<record>
  <leader>02079cam a2200385 i 4500</leader>
  <controlfield tag="001">bcotR000153</controlfield>
  <controlfield tag="005">20160518114211.0</controlfield>
  <controlfield tag="006">m        d        </controlfield>
  <controlfield tag="007">cr cn ---uuuuu</controlfield>
  <controlfield tag="008">160517s2016    oru     o     000 0 eng d</controlfield>
  <datafield tag="035" ind1=" " ind2=" ">
    <subfield code="a">(OCoLC)951031923</subfield>
  </datafield>
  <datafield tag="037" ind1=" " ind2=" ">
    <subfield code="b">BCOpenCampus</subfield>
    <subfield code="c">CostFree</subfield>
    <subfield code="f">FormOnline</subfield>
    <subfield code="g">AccessOpen</subfield>
  </datafield>
  <datafield tag="040" ind1=" " ind2=" ">
    <subfield code="a">K6U</subfield>
    <subfield code="b">eng</subfield>
    <subfield code="e">rda</subfield>
    <subfield code="c">K6U</subfield>
    <subfield code="d">K6U</subfield>
  </datafield>
  <datafield tag="050" ind1=" " ind2="4">
    <subfield code="a">BF121</subfield>
    <subfield code="b">D57 2016</subfield>
  </datafield>
  <datafield tag="245" ind1="0" ind2="0">
    <subfield code="a">Discover psychology 2.0 :</subfield>
    <subfield code="b">a brief introductory text /</subfield>
    <subfield code="c">R. Biswas-Diener and E. Diener (eds).</subfield>
  </datafield>
  <datafield tag="246" ind1="3" ind2=" ">
    <subfield code="a">Discover psychology two point oh</subfield>
  </datafield>
  <datafield tag="264" ind1=" " ind2="1">
    <subfield code="a">Milwaukie, OR :</subfield>
    <subfield code="b">DEF Publishers, Noba Project,</subfield>
    <subfield code="c">2016.</subfield>
  </datafield>
  <datafield tag="264" ind1=" " ind2="2">
    <subfield code="a">[Victoria] :</subfield>
    <subfield code="b">BCcampus, BC Open Textbook Project</subfield>
  </datafield>
  <datafield tag="300" ind1=" " ind2=" ">
    <subfield code="a">1 online resource (644 pages)</subfield>
  </datafield>
  <datafield tag="336" ind1=" " ind2=" ">
    <subfield code="a">text</subfield>
    <subfield code="b">txt</subfield>
    <subfield code="2">rdacontent</subfield>
  </datafield>
  <datafield tag="337" ind1=" " ind2=" ">
    <subfield code="a">computer</subfield>
    <subfield code="b">c</subfield>
    <subfield code="2">rdamedia</subfield>
  </datafield>
  <datafield tag="338" ind1=" " ind2=" ">
    <subfield code="a">online resource</subfield>
    <subfield code="b">cr</subfield>
    <subfield code="2">rdacarrier</subfield>
  </datafield>
  <datafield tag="490" ind1="1" ind2=" ">
    <subfield code="a">Noba textbook series: Psychology.</subfield>
  </datafield>
  <datafield tag="520" ind1=" " ind2=" ">
    <subfield code="a">&quot;This textbook presents core concepts common to introductory courses. The 15 units cover the traditional areas of intro-to-psychology; ranging from biological aspects of psychology to psychological disorders to social psychology. This book can be modified: feel free to add or remove modules to better suit your specific needs.&quot;--BC Campus website.</subfield>
  </datafield>
  <datafield tag="588" ind1=" " ind2=" ">
    <subfield code="a">Description based on online resource; title from pdf title page (viewed on May 18, 2016).</subfield>
  </datafield>
  <datafield tag="650" ind1=" " ind2="0">
    <subfield code="a">Psychology</subfield>
    <subfield code="v">Textbooks.</subfield>
  </datafield>
  <datafield tag="655" ind1=" " ind2="0">
    <subfield code="a">Electronic books.</subfield>
  </datafield>
  <datafield tag="700" ind1="1" ind2=" ">
    <subfield code="a">Biswas-Diener, Robert,</subfield>
    <subfield code="e">editor.</subfield>
  </datafield>
  <datafield tag="700" ind1="1" ind2=" ">
    <subfield code="a">Diener, Ed,</subfield>
    <subfield code="e">editor.</subfield>
  </datafield>
  <datafield tag="710" ind1="2" ind2=" ">
    <subfield code="a">BC Open Textbook Project,</subfield>
    <subfield code="e">distributor.</subfield>
  </datafield>
  <datafield tag="710" ind1="2" ind2=" ">
    <subfield code="a">BCcampus.</subfield>
  </datafield>
  <datafield tag="830" ind1=" " ind2="0">
    <subfield code="a">NOBA textbook series.</subfield>
    <subfield code="p">Psychology.</subfield>
  </datafield>
  <datafield tag="856" ind1="4" ind2="0">
    <subfield code="3">BC Open Textbook Project.</subfield>
    <subfield code="u">https://open.bccampus.ca/find-open-textbooks/?uuid=a1ffc88b-63d8-4dc6-ab8b-14e39f90a6c6</subfield>
  </datafield>
  <datafield tag="856" ind1="4" ind2="0">
    <subfield code="3">BC Open Textbook Project PDF file.</subfield>
    <subfield code="u">http://solr.bccampus.ca:8001/bcc/file/a1ffc88b-63d8-4dc6-ab8b-14e39f90a6c6/1/Discover%20Psychology%202.0%20-%20A%20Brief%20Introductory%20Text%20%289%29.pdf</subfield>
  </datafield>
  <datafield tag="856" ind1="4" ind2="0">
    <subfield code="3">NOBA.</subfield>
    <subfield code="u">http://nobaproject.com/textbooks/discover-psychology-v2-a-brief-introductory-text</subfield>
  </datafield>
</record>