
<record>
  <leader>02596cai a2200409Ii 4500</leader>
  <controlfield tag="001">bcotR000161</controlfield>
  <controlfield tag="005">20160926111350.0</controlfield>
  <controlfield tag="006">m     o  d        </controlfield>
  <controlfield tag="007">cr mn|||||||||</controlfield>
  <controlfield tag="008">160831c20169999vauuu   o b   0    2eng d</controlfield>
  <datafield tag="040" ind1=" " ind2=" ">
    <subfield code="a">COF</subfield>
    <subfield code="b">eng</subfield>
    <subfield code="e">rda</subfield>
    <subfield code="c">COF</subfield>
    <subfield code="d">OCLCF</subfield>
    <subfield code="d">K6U</subfield>
  </datafield>
  <datafield tag="035" ind1=" " ind2=" ">
    <subfield code="a">(OCoLC)957556469</subfield>
  </datafield>
  <datafield tag="050" ind1=" " ind2="4">
    <subfield code="a">HF1008</subfield>
    <subfield code="b">.S57eb</subfield>
  </datafield>
  <datafield tag="100" ind1="1" ind2=" ">
    <subfield code="a">Skripak, Stephen J.,</subfield>
    <subfield code="e">author.</subfield>
  </datafield>
  <datafield tag="245" ind1="1" ind2="0">
    <subfield code="a">Fundamentals of business /</subfield>
    <subfield code="c">by Stephen J. Skripak.</subfield>
  </datafield>
  <datafield tag="264" ind1=" " ind2="1">
    <subfield code="a">Blacksburg, Virginia :</subfield>
    <subfield code="b">Pamplin College of Business and Virginia Tech Libraries, Virginia Tech,</subfield>
    <subfield code="c">2016-</subfield>
  </datafield>
  <datafield tag="264" ind1=" " ind2="2">
    <subfield code="a">Minneapolis :</subfield>
    <subfield code="b">Open Textbook Library</subfield>
  </datafield>
  <datafield tag="264" ind1=" " ind2="2">
    <subfield code="a">[Victoria] :</subfield>
    <subfield code="b">BCcampus, BC Open Textbook Project</subfield>
  </datafield>
  <datafield tag="264" ind1=" " ind2="4">
    <subfield code="c">©2016-</subfield>
  </datafield>
  <datafield tag="300" ind1=" " ind2=" ">
    <subfield code="a">1 online resource :</subfield>
    <subfield code="b">illustrations (chiefly colour)</subfield>
  </datafield>
  <datafield tag="310" ind1=" " ind2=" ">
    <subfield code="a">Updated irregularly.</subfield>
  </datafield>
  <datafield tag="336" ind1=" " ind2=" ">
    <subfield code="a">text</subfield>
    <subfield code="b">txt</subfield>
    <subfield code="2">rdacontent</subfield>
  </datafield>
  <datafield tag="337" ind1=" " ind2=" ">
    <subfield code="a">computer</subfield>
    <subfield code="b">c</subfield>
    <subfield code="2">rdamedia</subfield>
  </datafield>
  <datafield tag="338" ind1=" " ind2=" ">
    <subfield code="a">online resource</subfield>
    <subfield code="b">cr</subfield>
    <subfield code="2">rdacarrier</subfield>
  </datafield>
  <datafield tag="504" ind1=" " ind2=" ">
    <subfield code="a">Includes bibliographical references.</subfield>
  </datafield>
  <datafield tag="500" ind1=" " ind2=" ">
    <subfield code="a">&quot;This work, excluding Chapter 15, is licensed with a Creative Commons Attribution-Non-Commercial-ShareAlike 3.0 license https://creativecommons.org/licenses/by-nc-sa/3.0/us/. Chapter 15 of this work is licensed with a Creative Commons Attribution 4.0 International https://creativecommons.org/licenses/by/4.0 license.&quot;--title page verso.</subfield>
  </datafield>
  <datafield tag="520" ind1=" " ind2=" ">
    <subfield code="a">&quot;Fundamentals of Business (2016) is an openly licensed textbook designed for use in Virginia Tech&apos;s Pamplin College of Business introductory level business course, MGT1984 Foundations of Business. This work is a project of University Libraries and the Pamplin College of Business, Virginia Tech.&quot;--Open Textbook Library.</subfield>
  </datafield>
  <datafield tag="588" ind1=" " ind2=" ">
    <subfield code="a">Description based on online version, 2016 edition; Title from PDF (viewed on August 31, 2016)</subfield>
  </datafield>
  <datafield tag="650" ind1=" " ind2="0">
    <subfield code="a">Business.</subfield>
  </datafield>
  <datafield tag="710" ind1="2" ind2=" ">
    <subfield code="a">Pamplin College of Business (Virginia Polytechnic Institute and State University),</subfield>
    <subfield code="e">issuing body</subfield>
  </datafield>
  <datafield tag="710" ind1="2" ind2=" ">
    <subfield code="a">Virginia Polytechnic Institute and State University.</subfield>
    <subfield code="b">University Libraries,</subfield>
    <subfield code="e">issuing body</subfield>
  </datafield>
  <datafield tag="710" ind1="2" ind2=" ">
    <subfield code="a">Open Textbook Library,</subfield>
    <subfield code="e">distributor.</subfield>
  </datafield>
  <datafield tag="710" ind1="2" ind2=" ">
    <subfield code="a">BC Open Textbook Project,</subfield>
    <subfield code="e">distributor.</subfield>
  </datafield>
  <datafield tag="710" ind1="2" ind2=" ">
    <subfield code="a">BCcampus.</subfield>
  </datafield>
  <datafield tag="856" ind1="4" ind2="0">
    <subfield code="3">BC Open Textbook Project title homepage:</subfield>
    <subfield code="u">https://open.bccampus.ca/find-open-textbooks/?uuid=ecd711cd-2008-4ff2-b850-a9fab31a4309&amp;contributor=&amp;keyword=&amp;subject=</subfield>
  </datafield>
  <datafield tag="856" ind1="4" ind2="0">
    <subfield code="3">BC Open Textbook Project PDF file:</subfield>
    <subfield code="u">http://solr.bccampus.ca:8001/bcc/file/ecd711cd-2008-4ff2-b850-a9fab31a4309/1/Fundamentals%20of%20Business%20%28complete%29.pdf</subfield>
  </datafield>
  <datafield tag="856" ind1="4" ind2="0">
    <subfield code="3">Open Textbook Library:</subfield>
    <subfield code="u">https://open.umn.edu/opentextbooks/BookDetail.aspx?bookId=319</subfield>
  </datafield>
</record>