
<record>
  <leader>02682cai a2200481Ii 4500</leader>
  <controlfield tag="001">bcotR000164</controlfield>
  <controlfield tag="005">20160926115307.0</controlfield>
  <controlfield tag="006">m     o  d        </controlfield>
  <controlfield tag="007">cr mn|||||||||</controlfield>
  <controlfield tag="008">160831c20169999txuuu d o     0   a2eng d</controlfield>
  <datafield tag="040" ind1=" " ind2=" ">
    <subfield code="a">COF</subfield>
    <subfield code="b">eng</subfield>
    <subfield code="e">rda</subfield>
    <subfield code="c">COF</subfield>
    <subfield code="d">OCLCO</subfield>
    <subfield code="d">K6U</subfield>
  </datafield>
  <datafield tag="020" ind1=" " ind2=" ">
    <subfield code="a">9781938168178</subfield>
  </datafield>
  <datafield tag="020" ind1=" " ind2=" ">
    <subfield code="a">1938168178</subfield>
  </datafield>
  <datafield tag="035" ind1=" " ind2=" ">
    <subfield code="a">(OCoLC)957556634</subfield>
  </datafield>
  <datafield tag="043" ind1=" " ind2=" ">
    <subfield code="a">n-us---</subfield>
  </datafield>
  <datafield tag="050" ind1=" " ind2="4">
    <subfield code="a">JK274</subfield>
    <subfield code="b">.K97eb</subfield>
  </datafield>
  <datafield tag="100" ind1="1" ind2=" ">
    <subfield code="a">Krutz, Glen S.,</subfield>
    <subfield code="e">author.</subfield>
  </datafield>
  <datafield tag="245" ind1="1" ind2="0">
    <subfield code="a">American government /</subfield>
    <subfield code="c">Glen S. Krutz, Sylvie Waskiewicz.</subfield>
  </datafield>
  <datafield tag="264" ind1=" " ind2="1">
    <subfield code="a">Houston, Texas :</subfield>
    <subfield code="b">OpenStax College, Rice University,</subfield>
    <subfield code="c">2016-</subfield>
  </datafield>
  <datafield tag="264" ind1=" " ind2="2">
    <subfield code="a">Minneapolis :</subfield>
    <subfield code="b">Open Textbook Library</subfield>
  </datafield>
  <datafield tag="264" ind1=" " ind2="2">
    <subfield code="a">[Victoria] :</subfield>
    <subfield code="b">BCcampus, BC Open Textbook Project</subfield>
  </datafield>
  <datafield tag="264" ind1=" " ind2="4">
    <subfield code="c">©2016-</subfield>
  </datafield>
  <datafield tag="300" ind1=" " ind2=" ">
    <subfield code="a">1 online resource :</subfield>
    <subfield code="b">illustrations (chiefly colour)</subfield>
  </datafield>
  <datafield tag="310" ind1=" " ind2=" ">
    <subfield code="a">Updated irregularly.</subfield>
  </datafield>
  <datafield tag="336" ind1=" " ind2=" ">
    <subfield code="a">text</subfield>
    <subfield code="b">txt</subfield>
    <subfield code="2">rdacontent</subfield>
  </datafield>
  <datafield tag="337" ind1=" " ind2=" ">
    <subfield code="a">computer</subfield>
    <subfield code="b">c</subfield>
    <subfield code="2">rdamedia</subfield>
  </datafield>
  <datafield tag="338" ind1=" " ind2=" ">
    <subfield code="a">online resource</subfield>
    <subfield code="b">cr</subfield>
    <subfield code="2">rdacarrier</subfield>
  </datafield>
  <datafield tag="504" ind1=" " ind2=" ">
    <subfield code="a">Includes bibliographical references and index.</subfield>
  </datafield>
  <datafield tag="520" ind1=" " ind2=" ">
    <subfield code="a">&quot;American Government is designed to meet the scope and sequence requirements of the single-semester American Government course. This title includes innovative features designed to enhance student learning, including Insider Perspective features and a Get Connected module that shows students how they can get engaged in the political process. The book provides an important opportunity for students to learn the core concepts of American Government and understand how those concepts apply to their lives and the world around them.&quot;--Open Textbook Library.</subfield>
  </datafield>
  <datafield tag="588" ind1=" " ind2=" ">
    <subfield code="a">Description based on online version, AG-2016-001(07/16)-BW; Title from PDF (viewed on August 31, 2016)</subfield>
  </datafield>
  <datafield tag="651" ind1=" " ind2="0">
    <subfield code="a">United States</subfield>
    <subfield code="x">Politics and government.</subfield>
  </datafield>
  <datafield tag="650" ind1=" " ind2="0">
    <subfield code="a">Political science</subfield>
    <subfield code="z">United States.</subfield>
  </datafield>
  <datafield tag="650" ind1=" " ind2="7">
    <subfield code="a">Politics and government.</subfield>
    <subfield code="2">fast</subfield>
    <subfield code="0">(OCoLC)fst01919741</subfield>
  </datafield>
  <datafield tag="651" ind1=" " ind2="7">
    <subfield code="a">United States.</subfield>
    <subfield code="2">fast</subfield>
    <subfield code="0">(OCoLC)fst01204155</subfield>
  </datafield>
  <datafield tag="700" ind1="1" ind2=" ">
    <subfield code="a">Waskiewicz, Sylvie,</subfield>
    <subfield code="e">author</subfield>
  </datafield>
  <datafield tag="710" ind1="2" ind2=" ">
    <subfield code="a">OpenStax College,</subfield>
    <subfield code="e">issuing body.</subfield>
  </datafield>
  <datafield tag="710" ind1="2" ind2=" ">
    <subfield code="a">Open Textbook Library,</subfield>
    <subfield code="e">distributor.</subfield>
  </datafield>
  <datafield tag="710" ind1="2" ind2=" ">
    <subfield code="a">BC Open Textbook Project,</subfield>
    <subfield code="e">distributor.</subfield>
  </datafield>
  <datafield tag="710" ind1="2" ind2=" ">
    <subfield code="a">BCcampus.</subfield>
  </datafield>
  <datafield tag="856" ind1="4" ind2="0">
    <subfield code="3">BC Open Textbook Project title homepage:</subfield>
    <subfield code="u">https://open.bccampus.ca/find-open-textbooks/?uuid=a6069643-4347-4730-8180-da6eb76fa137&amp;contributor=&amp;keyword=&amp;subject=</subfield>
  </datafield>
  <datafield tag="856" ind1="4" ind2="0">
    <subfield code="3">BC Open Textbook Project PDF file.</subfield>
    <subfield code="u">http://solr.bccampus.ca:8001/bcc/file/a6069643-4347-4730-8180-da6eb76fa137/1/american-government-12.1.pdf</subfield>
  </datafield>
  <datafield tag="856" ind1="4" ind2="0">
    <subfield code="3">OpenStax College:</subfield>
    <subfield code="u">http://cnx.org/contents/W8wOWXNF@13.8:Y1CfqFju@8/Preface</subfield>
  </datafield>
  <datafield tag="856" ind1="4" ind2="0">
    <subfield code="3">Open Textbook Library</subfield>
    <subfield code="u">https://open.umn.edu/opentextbooks/BookDetail.aspx?bookId=318</subfield>
  </datafield>
</record>