
<record>
  <leader>03194cai a2200445Ii 4500</leader>
  <controlfield tag="001">bcotR000168</controlfield>
  <controlfield tag="005">20161122171122.0</controlfield>
  <controlfield tag="006">m     o  d        </controlfield>
  <controlfield tag="007">cr mn|||||||||</controlfield>
  <controlfield tag="008">160705c20159999mnuuu   o b   0    2eng d</controlfield>
  <datafield tag="040" ind1=" " ind2=" ">
    <subfield code="a">COF</subfield>
    <subfield code="b">eng</subfield>
    <subfield code="c">COF</subfield>
    <subfield code="e">rda</subfield>
    <subfield code="d">COF</subfield>
    <subfield code="d">OCLCF</subfield>
    <subfield code="d">ORU</subfield>
    <subfield code="d">OCL</subfield>
    <subfield code="d">ORU</subfield>
    <subfield code="d">K6U</subfield>
  </datafield>
  <datafield tag="020" ind1=" " ind2=" ">
    <subfield code="a">9780982361856</subfield>
  </datafield>
  <datafield tag="020" ind1=" " ind2=" ">
    <subfield code="a">0982361858</subfield>
  </datafield>
  <datafield tag="035" ind1=" " ind2=" ">
    <subfield code="a">(OCoLC)953039477</subfield>
  </datafield>
  <datafield tag="050" ind1=" " ind2="4">
    <subfield code="a">HF5718</subfield>
    <subfield code="b">.M435eb</subfield>
  </datafield>
  <datafield tag="245" ind1="0" ind2="0">
    <subfield code="a">Business communication for success.</subfield>
  </datafield>
  <datafield tag="250" ind1=" " ind2=" ">
    <subfield code="a">University of Minnesota Libraries Publishing edition.</subfield>
  </datafield>
  <datafield tag="264" ind1=" " ind2="1">
    <subfield code="a">Minneapolis :</subfield>
    <subfield code="b">University of Minnesota Libraries Publishing,</subfield>
    <subfield code="c">2015-</subfield>
  </datafield>
  <datafield tag="264" ind1=" " ind2="2">
    <subfield code="a">Minneapolis :</subfield>
    <subfield code="b">Open Textbook Library</subfield>
  </datafield>
  <datafield tag="264" ind1=" " ind2="2">
    <subfield code="a">[Victoria, B.C.] :</subfield>
    <subfield code="b">BCcampus, BC Open Textbook Project</subfield>
  </datafield>
  <datafield tag="264" ind1=" " ind2="4">
    <subfield code="c">©2015-</subfield>
  </datafield>
  <datafield tag="300" ind1=" " ind2=" ">
    <subfield code="a">1 online resource :</subfield>
    <subfield code="b">illustrations</subfield>
  </datafield>
  <datafield tag="310" ind1=" " ind2=" ">
    <subfield code="a">Updated irregularly.</subfield>
  </datafield>
  <datafield tag="336" ind1=" " ind2=" ">
    <subfield code="a">text</subfield>
    <subfield code="b">txt</subfield>
    <subfield code="2">rdacontent</subfield>
  </datafield>
  <datafield tag="337" ind1=" " ind2=" ">
    <subfield code="a">computer</subfield>
    <subfield code="b">c</subfield>
    <subfield code="2">rdamedia</subfield>
  </datafield>
  <datafield tag="338" ind1=" " ind2=" ">
    <subfield code="a">online resource</subfield>
    <subfield code="b">cr</subfield>
    <subfield code="2">rdacarrier</subfield>
  </datafield>
  <datafield tag="500" ind1=" " ind2=" ">
    <subfield code="a">This edition adapted from a work originally produced in 2010 by a publisher who has requested that it not receive attribution and author removed at request of original publisher.</subfield>
  </datafield>
  <datafield tag="505" ind1="0" ind2="0">
    <subfield code="g">Ch. 1.</subfield>
    <subfield code="t">Effective business communication --</subfield>
    <subfield code="g">Ch. 2.</subfield>
    <subfield code="t">Delivering your message --</subfield>
    <subfield code="g">Ch. 3.</subfield>
    <subfield code="t">Understanding your audience --</subfield>
    <subfield code="g">Ch. 4.</subfield>
    <subfield code="t">Effective business writing --</subfield>
    <subfield code="g">Ch. 5.</subfield>
    <subfield code="t">Writing preparation --</subfield>
    <subfield code="g">Ch. 6.</subfield>
    <subfield code="t">Writing --</subfield>
    <subfield code="g">Ch. 7.</subfield>
    <subfield code="t">Revising and presenting your writing --</subfield>
    <subfield code="g">Ch. 8</subfield>
    <subfield code="t">Feedback in the writing process --</subfield>
    <subfield code="g">Ch. 9.</subfield>
    <subfield code="t">Business writing in action --</subfield>
    <subfield code="g">Ch. 10.</subfield>
    <subfield code="t">Developing business presentations --</subfield>
    <subfield code="g">Ch. 11.</subfield>
    <subfield code="t">Nonverbal delivery --</subfield>
    <subfield code="g">Ch. 12.</subfield>
    <subfield code="t">Organization and outlines --</subfield>
    <subfield code="g">Ch. 13.</subfield>
    <subfield code="t">Presentations to inform --</subfield>
    <subfield code="g">Ch. 14.</subfield>
    <subfield code="t">Presentations to persuade --</subfield>
    <subfield code="g">Ch. 15</subfield>
    <subfield code="t">Business presentations in action --</subfield>
    <subfield code="g">Ch. 16.</subfield>
    <subfield code="t">Intrapersonal and interpersonal business communication --</subfield>
    <subfield code="g">Ch. 17.</subfield>
    <subfield code="t">Negative news and crisis communication --</subfield>
    <subfield code="g">Ch. 18.</subfield>
    <subfield code="t">Intercultural and international business communication --</subfield>
    <subfield code="g">Ch. 19.</subfield>
    <subfield code="t">Group communication, teamwork, and leadership.</subfield>
  </datafield>
  <datafield tag="504" ind1=" " ind2=" ">
    <subfield code="a">Includes bibliographical references and index.</subfield>
  </datafield>
  <datafield tag="520" ind1=" " ind2=" ">
    <subfield code="a">Business Communication for Success (BCS) provides a comprehensive, integrated approach to the study and application of written and oral business communication to serve both student and professor.</subfield>
  </datafield>
  <datafield tag="588" ind1=" " ind2=" ">
    <subfield code="a">Description based on online version, 2015 edition; Title from PDF (viewed on July 5, 2016)</subfield>
  </datafield>
  <datafield tag="650" ind1=" " ind2="0">
    <subfield code="a">Business communication.</subfield>
  </datafield>
  <datafield tag="650" ind1=" " ind2="7">
    <subfield code="a">Business communication.</subfield>
    <subfield code="2">fast</subfield>
    <subfield code="0">(OCoLC)fst00842419</subfield>
  </datafield>
  <datafield tag="710" ind1="2" ind2=" ">
    <subfield code="a">University of Minnesota Libraries Publishing,</subfield>
    <subfield code="e">issuing body.</subfield>
  </datafield>
  <datafield tag="710" ind1="2" ind2=" ">
    <subfield code="a">BC Open Textbook Project,</subfield>
    <subfield code="e">distributor.</subfield>
  </datafield>
  <datafield tag="710" ind1="2" ind2=" ">
    <subfield code="a">BCcampus.</subfield>
  </datafield>
  <datafield tag="856" ind1="4" ind2="0">
    <subfield code="3">BC Open Textbook Project title homepage:</subfield>
    <subfield code="u">https://open.bccampus.ca/find-open-textbooks/?uuid=a3b38942-78f7-4939-801d-3a97b7d733d1&amp;contributor=&amp;keyword=&amp;subject=</subfield>
  </datafield>
  <datafield tag="856" ind1="4" ind2="0">
    <subfield code="3">BC Open Textbook Project PDF file.</subfield>
    <subfield code="u">http://solr.bccampus.ca:8001/bcc/file/a3b38942-78f7-4939-801d-3a97b7d733d1/1/Business-Communication-for-Success-1462823191.pdf</subfield>
  </datafield>
  <datafield tag="856" ind1="4" ind2="0">
    <subfield code="3">University of Minnesota Libraries Publishing:</subfield>
    <subfield code="u">http://open.lib.umn.edu/businesscommunication/</subfield>
  </datafield>
  <datafield tag="856" ind1="4" ind2="0">
    <subfield code="u">https://open.umn.edu/opentextbooks/BookDetail.aspx?bookId=8</subfield>
    <subfield code="3">Open Textbook Library</subfield>
  </datafield>
</record>