
<record>
  <leader>03324nai a2200493Ii 4500</leader>
  <controlfield tag="001">bcotR000171</controlfield>
  <controlfield tag="005">20161121191412.0</controlfield>
  <controlfield tag="006">m     o  d        </controlfield>
  <controlfield tag="007">cr mn|||||||||</controlfield>
  <controlfield tag="008">161028c20169999txuuu   o     0    2eng d</controlfield>
  <datafield tag="040" ind1=" " ind2=" ">
    <subfield code="a">COF</subfield>
    <subfield code="b">eng</subfield>
    <subfield code="e">rda</subfield>
    <subfield code="c">COF</subfield>
    <subfield code="d">K6u</subfield>
  </datafield>
  <datafield tag="020" ind1=" " ind2=" ">
    <subfield code="a">9781938168161</subfield>
  </datafield>
  <datafield tag="020" ind1=" " ind2=" ">
    <subfield code="a">193816816X</subfield>
  </datafield>
  <datafield tag="035" ind1=" " ind2=" ">
    <subfield code="a">(OCoLC)961353258</subfield>
  </datafield>
  <datafield tag="050" ind1=" " ind2="4">
    <subfield code="a">QC21.2</subfield>
    <subfield code="b">.L563eb</subfield>
  </datafield>
  <datafield tag="100" ind1="1" ind2=" ">
    <subfield code="a">Ling, Samuel J.,</subfield>
    <subfield code="e">author.</subfield>
  </datafield>
  <datafield tag="245" ind1="1" ind2="0">
    <subfield code="a">University physics.</subfield>
    <subfield code="n">Volume 2 /</subfield>
    <subfield code="c">Samuel J. Ling, Jeff Sanny, Bill Moebs.</subfield>
  </datafield>
  <datafield tag="264" ind1=" " ind2="1">
    <subfield code="a">Houston, Texas :</subfield>
    <subfield code="b">OpenStax College, Rice University,</subfield>
    <subfield code="c">2016-</subfield>
  </datafield>
  <datafield tag="264" ind1=" " ind2="2">
    <subfield code="a">Minneapolis :</subfield>
    <subfield code="b">Open Textbook Library</subfield>
  </datafield>
  <datafield tag="264" ind1=" " ind2="2">
    <subfield code="a">[Victoria, B.C.] :</subfield>
    <subfield code="b">BCcampus, BC Open Textbook Project</subfield>
  </datafield>
  <datafield tag="264" ind1=" " ind2="4">
    <subfield code="c">©2016-</subfield>
  </datafield>
  <datafield tag="300" ind1=" " ind2=" ">
    <subfield code="a">1 online resource :</subfield>
    <subfield code="b">colour illustrations</subfield>
  </datafield>
  <datafield tag="310" ind1=" " ind2=" ">
    <subfield code="a">Updated irregularly.</subfield>
  </datafield>
  <datafield tag="336" ind1=" " ind2=" ">
    <subfield code="a">text</subfield>
    <subfield code="b">txt</subfield>
    <subfield code="2">rdacontent</subfield>
  </datafield>
  <datafield tag="337" ind1=" " ind2=" ">
    <subfield code="a">computer</subfield>
    <subfield code="b">c</subfield>
    <subfield code="2">rdamedia</subfield>
  </datafield>
  <datafield tag="338" ind1=" " ind2=" ">
    <subfield code="a">online resource</subfield>
    <subfield code="b">cr</subfield>
    <subfield code="2">rdacarrier</subfield>
  </datafield>
  <datafield tag="500" ind1=" " ind2=" ">
    <subfield code="a">Includes index.</subfield>
  </datafield>
  <datafield tag="505" ind1="0" ind2=" ">
    <subfield code="a">Unit 1: Thermodynamics. Chapter 1: Temperature and Heat -- Chapter 2: The Kinetic Theory of Gases -- Chapter 3: The First Law of Thermodynamics -- Chapter 4: The Second Law of Thermodynamics -- Unit 2: Electricity and Magnetism. Chapter 5: Electric Charges and Fields -- Chapter 6: Gauss’s Law -- Chapter 7: Electric Potential -- Chapter 8: Capacitance -- Chapter 9: Current and Resistance -- Chapter 10: Direct-Current Circuits -- Chapter 11: Magnetic Forces and Fields -- Chapter 12: Sources of Magnetic Fields -- Chapter 13: Electromagnetic Induction -- Chapter 14: Inductance -- Chapter 15: Alternating-Current Circuits -- Chapter 16: Electromagnetic Waves</subfield>
  </datafield>
  <datafield tag="520" ind1=" " ind2=" ">
    <subfield code="a">&quot;University Physics is a three-volume collection that meets the scope and sequence requirements for two- and three-semester calculus-based physics courses. Volume 1 covers mechanics, sound, oscillations, and waves. Volume 2 covers thermodynamics, electricity and magnetism, and Volume 3 covers optics and modern physics. This textbook emphasizes connections between theory and application, making physics concepts interesting and accessible to students while maintaining the mathematical rigor inherent in the subject. Frequent, strong examples focus on how to approach a problem, how to work with the equations, and how to check and generalize the result.&quot;--Open Textbook Library.</subfield>
  </datafield>
  <datafield tag="588" ind1=" " ind2=" ">
    <subfield code="a">Description based on online version, Revision UP2-2016-001(10/16)-BW; Title from PDF (viewed on October 28, 2016)</subfield>
  </datafield>
  <datafield tag="650" ind1=" " ind2="0">
    <subfield code="a">Physics.</subfield>
  </datafield>
  <datafield tag="650" ind1=" " ind2="0">
    <subfield code="a">Thermodynamics.</subfield>
  </datafield>
  <datafield tag="650" ind1=" " ind2="0">
    <subfield code="a">Electricity.</subfield>
  </datafield>
  <datafield tag="650" ind1=" " ind2="0">
    <subfield code="a">Magnetism.</subfield>
  </datafield>
  <datafield tag="650" ind1=" " ind2="7">
    <subfield code="a">Physics.</subfield>
    <subfield code="2">fast</subfield>
    <subfield code="0">(OCoLC)fst01063025</subfield>
  </datafield>
  <datafield tag="700" ind1="1" ind2=" ">
    <subfield code="a">Sanny, Jeff,</subfield>
    <subfield code="d">1952-</subfield>
  </datafield>
  <datafield tag="700" ind1="1" ind2=" ">
    <subfield code="a">Moebs, William.</subfield>
  </datafield>
  <datafield tag="710" ind1="2" ind2=" ">
    <subfield code="a">OpenStax College,</subfield>
    <subfield code="e">issuing body.</subfield>
  </datafield>
  <datafield tag="710" ind1="2" ind2=" ">
    <subfield code="a">Open Textbook Library,</subfield>
    <subfield code="e">distributor.</subfield>
  </datafield>
  <datafield tag="710" ind1="2" ind2=" ">
    <subfield code="a">BC Open Textbook Project,</subfield>
    <subfield code="e">distributor.</subfield>
  </datafield>
  <datafield tag="710" ind1="2" ind2=" ">
    <subfield code="a">BCcampus.</subfield>
  </datafield>
  <datafield tag="856" ind1="4" ind2="0">
    <subfield code="3">BC Open Textbook Project title homepage:</subfield>
    <subfield code="u">https://open.bccampus.ca/find-open-textbooks/?uuid=a0d8d7b8-b4c6-48b1-b8eb-1d03336aecb3&amp;contributor=&amp;keyword=&amp;subject=</subfield>
  </datafield>
  <datafield tag="856" ind1="4" ind2="0">
    <subfield code="3">BC Open Textbook Project PDF file.</subfield>
    <subfield code="u">http://solr.bccampus.ca:8001/bcc/file/a0d8d7b8-b4c6-48b1-b8eb-1d03336aecb3/1/university-physics-volume-2-3.1.pdf</subfield>
  </datafield>
  <datafield tag="856" ind1="4" ind2="0">
    <subfield code="u">https://open.umn.edu/opentextbooks/BookDetail.aspx?bookId=379</subfield>
    <subfield code="3">Open Textbook Library</subfield>
  </datafield>
</record>