
<record>
  <leader>02453nai a2200361Ii 4500</leader>
  <controlfield tag="001">bcotR000183</controlfield>
  <controlfield tag="005">20170407145836.0</controlfield>
  <controlfield tag="006">m     o  u        </controlfield>
  <controlfield tag="007">cr cn|---uuuuu</controlfield>
  <controlfield tag="008">170407c20169999abcuu   o     0    2eng d</controlfield>
  <datafield tag="040" ind1=" " ind2=" ">
    <subfield code="a">CaBSKC</subfield>
    <subfield code="b">eng</subfield>
    <subfield code="e">rda</subfield>
    <subfield code="c">CaBSKC</subfield>
  </datafield>
  <datafield tag="035" ind1=" " ind2=" ">
    <subfield code="a">(OCoLC)981918211</subfield>
  </datafield>
  <datafield tag="050" ind1=" " ind2="4">
    <subfield code="a">HF5625</subfield>
    <subfield code="b">.A66eb</subfield>
  </datafield>
  <datafield tag="100" ind1="1" ind2=" ">
    <subfield code="a">Annand, David,</subfield>
    <subfield code="e">author.</subfield>
  </datafield>
  <datafield tag="245" ind1="1" ind2="0">
    <subfield code="a">Introduction to financial accounting :</subfield>
    <subfield code="b">based on International Financial Reporting Standards /</subfield>
    <subfield code="c">David Annand.</subfield>
  </datafield>
  <datafield tag="250" ind1=" " ind2=" ">
    <subfield code="a">Second edition, revised.</subfield>
  </datafield>
  <datafield tag="264" ind1=" " ind2="1">
    <subfield code="a">Athabasca, AB :</subfield>
    <subfield code="b">Valley Educational Services Ltd.,</subfield>
    <subfield code="c">2016-</subfield>
  </datafield>
  <datafield tag="264" ind1=" " ind2="2">
    <subfield code="a">[Victoria] :</subfield>
    <subfield code="b">BCcampus, BC Open Textbook Project</subfield>
  </datafield>
  <datafield tag="300" ind1=" " ind2=" ">
    <subfield code="a">1 online resource</subfield>
  </datafield>
  <datafield tag="310" ind1=" " ind2=" ">
    <subfield code="a">Updated irregularly.</subfield>
  </datafield>
  <datafield tag="336" ind1=" " ind2=" ">
    <subfield code="a">text</subfield>
    <subfield code="b">txt</subfield>
    <subfield code="2">rdacontent</subfield>
  </datafield>
  <datafield tag="337" ind1=" " ind2=" ">
    <subfield code="a">computer</subfield>
    <subfield code="b">c</subfield>
    <subfield code="2">rdamedia</subfield>
  </datafield>
  <datafield tag="338" ind1=" " ind2=" ">
    <subfield code="a">online resource</subfield>
    <subfield code="b">cr</subfield>
    <subfield code="2">rdacarrier</subfield>
  </datafield>
  <datafield tag="347" ind1=" " ind2=" ">
    <subfield code="a">data file</subfield>
    <subfield code="2">rda</subfield>
  </datafield>
  <datafield tag="362" ind1="1" ind2=" ">
    <subfield code="a">Began in 2016.</subfield>
  </datafield>
  <datafield tag="520" ind1=" " ind2=" ">
    <subfield code="a">&quot;Based on International Financial Reporting Standards, this textbook was written by David Annand, EdD, MBA, CPA, CA, Professor of Accounting in the Faculty of Business at Athabasca University. Each chapter includes questions and comprehension problems for self-study. Solutions are provided. Additional end-of-chapter assignment problems are also included. The text and ancillary materials are freely-sharable under a Creative Commons CC-BY-SA-NC licence. The .pdf version of the text is extensively bookmarked for easy access and onscreen reading. Suggested solutions are linked to the appropriate material in this version. Separate .docx and .pdf versions of the text and student solutions manual are available. All files are available in both .pdf and .docx formats. The workbook provides formatted outlines to all problems contained in the text and exam bank. Students can print outlines as they need them, and fill in responses manually&quot;--BCcampus website.</subfield>
  </datafield>
  <datafield tag="588" ind1="0" ind2=" ">
    <subfield code="a">Title from PDF; description based on version 2.2 viewed on April 6, 2017; last updated February 22, 2017.</subfield>
  </datafield>
  <datafield tag="650" ind1=" " ind2="0">
    <subfield code="a">Accounting</subfield>
    <subfield code="v">Textbooks.</subfield>
  </datafield>
  <datafield tag="655" ind1=" " ind2="0">
    <subfield code="a">Electronic books.</subfield>
  </datafield>
  <datafield tag="710" ind1="2" ind2=" ">
    <subfield code="a">BC Open Textbook Project,</subfield>
    <subfield code="e">distributor.</subfield>
  </datafield>
  <datafield tag="710" ind1="2" ind2=" ">
    <subfield code="a">BCcampus.</subfield>
  </datafield>
  <datafield tag="856" ind1="4" ind2="0">
    <subfield code="3">BC Open Textbook Project title homepage.</subfield>
    <subfield code="u">https://open.bccampus.ca/find-open-textbooks/?uuid=0370418e-be7d-4541-b0d1-cf8a0fa0596f</subfield>
  </datafield>
  <datafield tag="856" ind1="4" ind2="0">
    <subfield code="3">BC Open Textbook Project.</subfield>
    <subfield code="u">http://solr.bccampus.ca:8001/bcc/file/0370418e-be7d-4541-b0d1-cf8a0fa0596f/1/Text%20-%20Print%20%28.pdf%29.pdf</subfield>
  </datafield>
</record>