
<record>
  <leader>03070nai a2200433Ia 4500</leader>
  <controlfield tag="001">bcotR000184</controlfield>
  <controlfield tag="005">20170329180448.0</controlfield>
  <controlfield tag="006">m     o  d        </controlfield>
  <controlfield tag="007">cr mn|||||||||</controlfield>
  <controlfield tag="008">170227c20169999xx uu   o     0    2eng d</controlfield>
  <datafield tag="035" ind1=" " ind2=" ">
    <subfield code="a">(OCoLC)973884682</subfield>
  </datafield>
  <datafield tag="040" ind1=" " ind2=" ">
    <subfield code="a">COF</subfield>
    <subfield code="c">COF</subfield>
    <subfield code="d">CaBSKC</subfield>
  </datafield>
  <datafield tag="050" ind1=" " ind2="4">
    <subfield code="a">QA303.2</subfield>
    <subfield code="b">.G8535eb</subfield>
  </datafield>
  <datafield tag="100" ind1="1" ind2=" ">
    <subfield code="a">Guichard, David,</subfield>
    <subfield code="e">author.</subfield>
  </datafield>
  <datafield tag="245" ind1="1" ind2="0">
    <subfield code="a">Calculus :</subfield>
    <subfield code="b">early transcendentals /</subfield>
    <subfield code="c">an open text by David Guichard.</subfield>
  </datafield>
  <datafield tag="264" ind1=" " ind2="1">
    <subfield code="a">[Place of publication not identified] :</subfield>
    <subfield code="b">Lyryx,</subfield>
    <subfield code="c">2016-</subfield>
  </datafield>
  <datafield tag="264" ind1=" " ind2="2">
    <subfield code="a">Minneapolis :</subfield>
    <subfield code="b">Open Textbook Library</subfield>
  </datafield>
  <datafield tag="264" ind1=" " ind2="2">
    <subfield code="a">[Victoria] :</subfield>
    <subfield code="b">BCcampus, BC Open Textbook Project</subfield>
  </datafield>
  <datafield tag="300" ind1=" " ind2=" ">
    <subfield code="a">1 online resource :</subfield>
    <subfield code="b">illustrations</subfield>
  </datafield>
  <datafield tag="310" ind1=" " ind2=" ">
    <subfield code="a">Updated irregularly.</subfield>
  </datafield>
  <datafield tag="336" ind1=" " ind2=" ">
    <subfield code="a">text</subfield>
    <subfield code="b">txt</subfield>
    <subfield code="2">rdacontent</subfield>
  </datafield>
  <datafield tag="337" ind1=" " ind2=" ">
    <subfield code="a">computer</subfield>
    <subfield code="b">c</subfield>
    <subfield code="2">rdamedia</subfield>
  </datafield>
  <datafield tag="338" ind1=" " ind2=" ">
    <subfield code="a">online resource</subfield>
    <subfield code="b">cr</subfield>
    <subfield code="2">rdacarrier</subfield>
  </datafield>
  <datafield tag="347" ind1=" " ind2=" ">
    <subfield code="a">data file</subfield>
    <subfield code="2">rda</subfield>
  </datafield>
  <datafield tag="490" ind1="1" ind2=" ">
    <subfield code="a">Open textbook library</subfield>
  </datafield>
  <datafield tag="505" ind1="0" ind2=" ">
    <subfield code="a">Review -- Functions -- Limits -- Derivatives -- Applications of derivatives -- Integration -- Techniques of integration -- Applications of integration -- Sequences and Series  -- Differential equations -- Polar coordinates, parametric equations 405 -- Three Dimensions -- Partial Differentiation -- Multiple Integration -- Vector Functions -- Vector Calculus</subfield>
  </datafield>
  <datafield tag="520" ind1=" " ind2=" ">
    <subfield code="a">&quot;In 2013, Lyryx forked the now-popular Calculus open textbook written by David Guichard. Michael Cavers of the University of Calgary, together with the Lyryx editorial team, further redeveloped the content, examples, diagrams, and overall look-and-feel of the book, making it more accessible to first year college and university students. Additional contributors have helped improve the content, including Mark Blenkinsop of Carleton University. In particular, there was the addition of an introductory chapter reviewing the fundamental topics required in a first semester Calculus course, and the paring down of topics that are typically beyond the scope of math and engineering service courses. Currently, the book covers the standard Calculus I and II courses, with Calculus III under development.&quot;--Open Textbook Library.</subfield>
  </datafield>
  <datafield tag="588" ind1=" " ind2=" ">
    <subfield code="a">Creative Commons License (CC BY-NC-SA): This text, including the art and illustrations, are available under the Creative Commons license (CC BY-NC-SA)</subfield>
  </datafield>
  <datafield tag="588" ind1=" " ind2=" ">
    <subfield code="a">Description based on online version; Title from PDF (viewed on February 27, 2017)</subfield>
  </datafield>
  <datafield tag="650" ind1=" " ind2="0">
    <subfield code="a">Calculus</subfield>
    <subfield code="v">Textbooks.</subfield>
  </datafield>
  <datafield tag="655" ind1=" " ind2="0">
    <subfield code="a">Electronic books.</subfield>
  </datafield>
  <datafield tag="710" ind1="2" ind2=" ">
    <subfield code="a">Lyryx Learning,</subfield>
    <subfield code="e">issuing body.</subfield>
  </datafield>
  <datafield tag="710" ind1="2" ind2=" ">
    <subfield code="a">Open Textbook Library,</subfield>
    <subfield code="e">distributor.</subfield>
  </datafield>
  <datafield tag="710" ind1="2" ind2=" ">
    <subfield code="a">BC Open Textbook Project,</subfield>
    <subfield code="e">distributor</subfield>
  </datafield>
  <datafield tag="710" ind1="2" ind2=" ">
    <subfield code="a">BCcampus.</subfield>
  </datafield>
  <datafield tag="830" ind1=" " ind2="0">
    <subfield code="a">Open Textbook Library.</subfield>
  </datafield>
  <datafield tag="856" ind1="4" ind2="0">
    <subfield code="3">BC Open Textbook Project title homepage.</subfield>
    <subfield code="u">https://open.bccampus.ca/find-open-textbooks/?uuid=662054ef-3b43-4e62-a509-44ec78e5d8c1&amp;contributor=&amp;keyword=&amp;subject=</subfield>
  </datafield>
  <datafield tag="856" ind1="4" ind2="0">
    <subfield code="3">BC Open Textbook Project.</subfield>
    <subfield code="u">http://solr.bccampus.ca:8001/bcc/file/662054ef-3b43-4e62-a509-44ec78e5d8c1/1/Print%20%28.pdf%29.pdf</subfield>
  </datafield>
  <datafield tag="856" ind1="4" ind2="0">
    <subfield code="3">HTML file.</subfield>
    <subfield code="u">https://open.umn.edu/opentextbooks/BookDetail.aspx?bookId=415</subfield>
  </datafield>
</record>