
<record>
  <leader>03119cai a2200457Ia 4500</leader>
  <controlfield tag="001">bcotR000186</controlfield>
  <controlfield tag="005">20170314140109.0</controlfield>
  <controlfield tag="006">m     o  d        </controlfield>
  <controlfield tag="007">cr cn|||||||||</controlfield>
  <controlfield tag="008">160726c20159999mnuuu   o b   0    2eng d</controlfield>
  <datafield tag="040" ind1=" " ind2=" ">
    <subfield code="a">COF</subfield>
    <subfield code="b">eng</subfield>
    <subfield code="c">COF</subfield>
    <subfield code="d">ORU</subfield>
    <subfield code="d">OCL</subfield>
    <subfield code="d">OCLCQ</subfield>
    <subfield code="d">CaBSKC</subfield>
  </datafield>
  <datafield tag="020" ind1=" " ind2=" ">
    <subfield code="a">9780982361825</subfield>
    <subfield code="q">(ebk.)</subfield>
  </datafield>
  <datafield tag="020" ind1=" " ind2=" ">
    <subfield code="a">0982361823</subfield>
    <subfield code="q">(ebk.)</subfield>
  </datafield>
  <datafield tag="035" ind1=" " ind2=" ">
    <subfield code="a">(OCoLC)953994213</subfield>
  </datafield>
  <datafield tag="050" ind1=" " ind2="4">
    <subfield code="a">HF5415</subfield>
    <subfield code="b">.P95 2015eb</subfield>
  </datafield>
  <datafield tag="245" ind1="0" ind2="0">
    <subfield code="a">Principles of marketing.</subfield>
  </datafield>
  <datafield tag="264" ind1=" " ind2="1">
    <subfield code="a">Minneapolis, MN :</subfield>
    <subfield code="b">University of Minnesota Libraries Publishing,</subfield>
    <subfield code="c">2015-</subfield>
  </datafield>
  <datafield tag="264" ind1=" " ind2="2">
    <subfield code="a">Minneapolis :</subfield>
    <subfield code="b">Open Textbook Library</subfield>
  </datafield>
  <datafield tag="264" ind1=" " ind2="2">
    <subfield code="a">[Victoria] :</subfield>
    <subfield code="b">BCcampus, BC Open Textbook Project</subfield>
  </datafield>
  <datafield tag="300" ind1=" " ind2=" ">
    <subfield code="a">1 online resource :</subfield>
    <subfield code="b">colour illustrations</subfield>
  </datafield>
  <datafield tag="310" ind1=" " ind2=" ">
    <subfield code="a">Updated irregularly.</subfield>
  </datafield>
  <datafield tag="336" ind1=" " ind2=" ">
    <subfield code="a">text</subfield>
    <subfield code="b">txt</subfield>
    <subfield code="2">rdacontent</subfield>
  </datafield>
  <datafield tag="337" ind1=" " ind2=" ">
    <subfield code="a">computer</subfield>
    <subfield code="b">c</subfield>
    <subfield code="2">rdamedia</subfield>
  </datafield>
  <datafield tag="338" ind1=" " ind2=" ">
    <subfield code="a">online resource</subfield>
    <subfield code="b">cr</subfield>
    <subfield code="2">rdacarrier</subfield>
  </datafield>
  <datafield tag="347" ind1=" " ind2=" ">
    <subfield code="a">data file</subfield>
    <subfield code="2">rda</subfield>
  </datafield>
  <datafield tag="490" ind1="1" ind2=" ">
    <subfield code="a">Open textbook library</subfield>
  </datafield>
  <datafield tag="500" ind1=" " ind2=" ">
    <subfield code="a">Principles of Marketing by [Author removed at request of original publisher] is licensed under a Creative Commons Attribution-NonCommercial-ShareAlike 4.0 International License, except where otherwise noted.--title page verso.</subfield>
  </datafield>
  <datafield tag="504" ind1=" " ind2=" ">
    <subfield code="a">Includes bibliographical references.</subfield>
  </datafield>
  <datafield tag="505" ind1="0" ind2=" ">
    <subfield code="a">What is marketing? -- Strategic planning -- Consumer behavior : how people make buying decisions -- Business buying behavior -- Market segmenting, targeting, and positioning -- Creating offerings -- Developing and managing offerings -- Using marketing channels to create value for customers -- Using supply chains to create value for customers -- Gathering and using information : marketing research and market intelligence -- Integrated marketing communications and the changing media landscape -- Public relations, social media and sponsorships -- Professional selling -- Customer satisfaction, loyalty, and empowerment -- Price, the only revenue generator -- The marketing plan.</subfield>
  </datafield>
  <datafield tag="500" ind1=" " ind2=" ">
    <subfield code="a">Author removed at request of original publisher. This edition adapted from a work originally produced in 2010 by a publisher who has requested that it not receive attribution.</subfield>
  </datafield>
  <datafield tag="520" ind1=" " ind2=" ">
    <subfield code="a">&quot;Principles of Marketing teaches the experience and process of actually doing marketing - not just the vocabulary. It carries five dominant themes throughout in order to expose students to marketing in today&apos;s environment.&quot;--Open Textbook Library.</subfield>
  </datafield>
  <datafield tag="588" ind1="0" ind2=" ">
    <subfield code="a">Online version, 2015 edition; title from PDF (viewed on July 26, 2016).</subfield>
  </datafield>
  <datafield tag="650" ind1=" " ind2="0">
    <subfield code="a">Marketing.</subfield>
  </datafield>
  <datafield tag="655" ind1=" " ind2="0">
    <subfield code="a">Electronic books.</subfield>
  </datafield>
  <datafield tag="710" ind1="2" ind2=" ">
    <subfield code="a">Open Textbook Library,</subfield>
    <subfield code="e">distributor.</subfield>
  </datafield>
  <datafield tag="710" ind1="2" ind2=" ">
    <subfield code="a">BC Open Textbook Project,</subfield>
    <subfield code="e">distributor</subfield>
  </datafield>
  <datafield tag="710" ind1="2" ind2=" ">
    <subfield code="a">BCcampus.</subfield>
  </datafield>
  <datafield tag="830" ind1=" " ind2="0">
    <subfield code="a">Open Textbook Library.</subfield>
  </datafield>
  <datafield tag="856" ind1="4" ind2="0">
    <subfield code="3">BC Open Textbook Project title homepage.</subfield>
    <subfield code="u">https://open.bccampus.ca/find-open-textbooks/?uuid=ca3ef877-1f08-479d-a085-420121782a31&amp;contributor=&amp;keyword=&amp;subject=</subfield>
  </datafield>
  <datafield tag="856" ind1="4" ind2="0">
    <subfield code="3">BC Open Textbook Project.</subfield>
    <subfield code="u">http://solr.bccampus.ca:8001/bcc/file/ca3ef877-1f08-479d-a085-420121782a31/1/Principles-of-Marketing-1483460975.pdf</subfield>
  </datafield>
  <datafield tag="856" ind1="4" ind2="0">
    <subfield code="3">HTML file.</subfield>
    <subfield code="u">https://open.umn.edu/opentextbooks/BookDetail.aspx?bookId=50</subfield>
  </datafield>
</record>